<?xml version="1.0" encoding="UTF-8"?><collection xmlns="http://www.loc.gov/MARC21/slim"><record><leader>00490nam--2200181-i-4500</leader><controlfield tag="001">000008775</controlfield><controlfield tag="002">20161230</controlfield><controlfield tag="005">20170305182404</controlfield><controlfield tag="008">060222s1000------------r-----000-0-eng-d</controlfield><datafield ind1=" " ind2=" " tag="040"><subfield code="a">IFIN-HH</subfield></datafield><datafield ind1=" " ind2=" " tag="080"><subfield code="a">801.323.2=82=590</subfield></datafield><datafield ind1="1" ind2=" " tag="100"><subfield code="a">Bolocan, Gheorghe</subfield></datafield><datafield ind1="1" ind2="0" tag="245"><subfield code="a">Dictionar frazeologic rus-roman</subfield><subfield code="c">Gh. Bolocan, T. Vorontova</subfield></datafield><datafield ind1=" " ind2=" " tag="260"><subfield code="a">Bucuresti</subfield><subfield code="b">Editura Stiintifica</subfield><subfield code="c">1968</subfield></datafield><datafield ind1=" " ind2=" " tag="300"><subfield code="a">391 p</subfield></datafield><datafield ind1="1" ind2=" " tag="700"><subfield code="a">Vorontova, Tatiana</subfield></datafield><datafield ind1=" " ind2=" " tag="852"><subfield code="a">D.444</subfield><subfield code="c">SLG</subfield></datafield><datafield ind1=" " ind2=" " tag="CAT"><subfield code="a">SYS</subfield><subfield code="c">20170305</subfield><subfield code="h">182404</subfield></datafield></record></collection>